<?xml version="1.0" encoding="UTF-8"?><collection xmlns="http://www.loc.gov/MARC21/slim"><record><leader>00568nam--2200169-i-4500</leader><controlfield tag="001">000034748</controlfield><controlfield tag="002">20161230</controlfield><controlfield tag="005">20161230201040</controlfield><controlfield tag="008">060222s1000------------r-----000-0-eng-d</controlfield><datafield ind1=" " ind2=" " tag="040"><subfield code="a">IFIN-HH</subfield></datafield><datafield ind1=" " ind2=" " tag="080"><subfield code="a">538.569.4</subfield></datafield><datafield ind1="1" ind2=" " tag="110"><subfield code="a">Varian Associates</subfield></datafield><datafield ind1="1" ind2="0" tag="245"><subfield code="a">Nmr and epr spectroscopy</subfield><subfield code="b">Papers presented at varian`s third annnual workshop on nuclear magnetic resonance and electron paramagnetic resonance, held at palo alto california</subfield></datafield><datafield ind1=" " ind2=" " tag="260"><subfield code="a">London</subfield><subfield code="b">Pergamon Press</subfield><subfield code="c">1960</subfield></datafield><datafield ind1=" " ind2=" " tag="300"><subfield code="a">VIII + 288P</subfield></datafield><datafield ind1=" " ind2=" " tag="852"><subfield code="a">16820</subfield><subfield code="c">539.143.43</subfield></datafield><datafield ind1=" " ind2=" " tag="CAT"><subfield code="a">Sys</subfield><subfield code="c">20120418</subfield><subfield code="h">170748</subfield></datafield></record></collection>